<record><leader>00000cas a2200000 a 4500</leader><controlfield tag="001">12339469</controlfield><controlfield tag="008">850802d18711880iluwr ne      0   a0eng c</controlfield><datafield ind1=" " ind2=" " tag="010"><subfield code="a">sn 85033926 </subfield></datafield><datafield ind1=" " ind2=" " tag="040"><subfield code="a">NPU</subfield><subfield code="b">eng</subfield><subfield code="c">NPU</subfield><subfield code="d">OCL</subfield><subfield code="d">NVF</subfield><subfield code="d">MGN</subfield><subfield code="d">NVF</subfield><subfield code="d">CVF</subfield><subfield code="d">NVF</subfield><subfield code="d">OCLCF</subfield><subfield code="d">NVF</subfield><subfield code="d">OCLCO</subfield></datafield><datafield ind1="1" ind2=" " tag="029"><subfield code="a">AU@</subfield><subfield code="b">000020383633</subfield></datafield><datafield ind1=" " ind2=" " tag="042"><subfield code="a">pcc</subfield></datafield><datafield ind1=" " ind2=" " tag="043"><subfield code="a">n-us-il</subfield></datafield><datafield ind1="0" ind2=" " tag="130"><subfield code="a">Mt. Vernon news (Mount Vernon, Ill. : 1871)</subfield></datafield><datafield ind1="1" ind2="4" tag="245"><subfield code="a">The Mt. Vernon news.</subfield></datafield><datafield ind1="1" ind2=" " tag="246"><subfield code="a">Mount Vernon news</subfield></datafield><datafield ind1=" " ind2=" " tag="260"><subfield code="a">Mt. Vernon, Ill. :</subfield><subfield code="b">Tromly Bros.</subfield></datafield><datafield ind1=" " ind2=" " tag="300"><subfield code="a">v.</subfield></datafield><datafield ind1=" " ind2=" " tag="310"><subfield code="a">Weekly</subfield></datafield><datafield ind1="1" ind2=" " tag="362"><subfield code="a">Began Sept. 2, 1871. Ceased in 1880.</subfield></datafield><datafield ind1=" " ind2=" " tag="580"><subfield code="a">Merged with: Mt. Vernon free press, to form: Mt. Vernon news and free press.</subfield></datafield><datafield ind1=" " ind2=" " tag="588"><subfield code="a">Description based on: Vol. 2, no. 7 (Oct. 15, 1872).</subfield></datafield><datafield ind1=" " ind2=" " tag="588"><subfield code="a">Latest issue consulted: Apr. 23, 1879.</subfield></datafield><datafield ind1=" " ind2="0" tag="651"><subfield code="a">Mount Vernon (Ill.)</subfield><subfield code="v">Newspapers.</subfield></datafield><datafield ind1=" " ind2="7" tag="651"><subfield code="a">Illinois</subfield><subfield code="z">Mount Vernon.</subfield><subfield code="2">fast</subfield><subfield code="0">(OCoLC)fst01217905</subfield></datafield><datafield ind1=" " ind2="7" tag="655"><subfield code="a">Newspapers.</subfield><subfield code="2">fast</subfield><subfield code="0">(OCoLC)fst01423814</subfield></datafield><datafield ind1=" " ind2=" " tag="752"><subfield code="a">United States</subfield><subfield code="b">Illinois</subfield><subfield code="c">Jefferson</subfield><subfield code="d">Mount Vernon.</subfield></datafield><datafield ind1="1" ind2="7" tag="785"><subfield code="t">Mt. Vernon free press</subfield><subfield code="w">(DLC)sn 84020065</subfield><subfield code="w">(OCoLC)10310635</subfield></datafield><datafield ind1="1" ind2="7" tag="785"><subfield code="t">Mt. Vernon news and free press</subfield><subfield code="w">(DLC)sn 92053849</subfield><subfield code="w">(OCoLC)25771966</subfield></datafield></record>